@book{korepinqism,
title = {Quantum Inverse Scattering Method and Correlation Functions},
author = {V.~E. Korepin and N.~M.~Bogoliubov and A.~G.~Azergin},
year = {1993},
publisher = {Cambridge University Press},
address = {Cambridge},
pages = {509}
}

@article{korepincmp,
title = {Correlation functions of the one-dimensional {B}ose gas in the repulsive case},
author = {V.~E.~Korepin},
year = {1984},
journal = {Comm. Math. Phys.},
volume = {94},
pages = {93}
}

@article{kagan,
title = {Effect of {B}ose condensation on inelastic processes in gases},
author = {Y.~Kagan and B.~V.~Svistunov and G.~V.~Shlyapnikov},
year = {1985},
journal = {JETP Lett.},
volume = {42},
pages = {209}
}

@article{courteille,
author = {Courteille, P. and R. Freeland and D. Heinzen and F. {van Abeelen} and B. Verhaar},
year = {1998},
journal = {Phys. Rev. Lett.},
volume = {81},
pages = {69}
}

@article{inouye,
author = {Inouye, S. and M. Andrews and J. Stenger and H. J. Miesner and Stamper-Kurn, S. and Ketterle, W.},
year = {1998},
journal = {Nature},
volume = {392},
pages = {151}
}

@article{cheianov1,
title = {Exact results for three-body correlations in a degenerate one-dimensional {B}ose gas},
author = {V.~V.~Cheianov and H.~Smith and M.~B.~Zvonarev},
year = {2006},
journal = {Phys. Rev. A},
volume = {73},
pages = {051604(R)}
}

@article{cheianov2,
title = {Three-body local correlation function in the {L}ieb-{L}iniger model: bosonization approach},
author = {V.~V.~Cheianov and H.~Smith and M.~B.~Zvonarev},
year = {2006},
journal = {J. Stat. Mech.},
volume = {8},
pages = {P08015}
}

@article{kraemer,
title = {Evidence for {E}fimov quantum states in an ultracold gas of caesium atoms},
author = {T.~Kraemer and M. Mark and P. Waldburger and J. G. Danzl and C. Chin and B. Engeser and
A. D. Lange and K. Pilch and A. Jaakkola and N{\"a}gerl, H.-C. and R. Grimm},
year = {2006},
journal = {Nature},
volume = {440},
pages = {315}
}

@article{efimov1,
title = {Energy levels arising from resonant two-body forces in a three-body system},
author = {V.~Efimov},
year = {1970},
journal = {Phys. Lett. B},
volume = {33},
pages = {563}
}

@article{efimov2,
title = {Giant trimers true to scale},
author = {V.~Efimov},
year = {2009},
journal = {Nature Phys.},
volume = {5},
pages = {533}
}

@article{efimov3,
title = {Weakly-bound states of three resonantly-interacting particles},
author = {V.~Efimov},
year = {1971},
journal = {Sov. J. Nucl. Phys.},
volume = {12},
pages = {589}
}

@article{vonstecher,
title = {Signatures of universal four-body phenomena and their relation to the {E}fimov effect},
author = {J. von Stecher and {D'Incao}, J.~P. and C. H. Greene},
year = {2009},
journal = {Nature Phys.},
volume = {5},
pages = {417}
}

@article{zaccanti,
title = {Observation of an {E}fimov spectrum in an atomic system},
author = {M. Zaccanti and B. Deissler and {D'Errico}, C. and M. Fattori and Jona-Lasinio, L. and S. M{\"u}ller and G. Roati and
M. Inguscio and G. Modugno},
year = {2009},
journal = {Nature Phys.},
volume = {5},
pages = {586}
}

@article{lieb1,
title = {Exact analysis of an interacting {B}ose gas.~{I}.~{T}he general solution and the ground state},
author = {E. H. Lieb and W. Liniger},
year = {1963},
journal = {Phys. Rev.},
volume = {130},
pages = {1605}
}

@article{bongs,
author = {K. Bongs and S. Burger and S. Dettmer and D. Hellweg and J. Arlt and W. Ertmer and K. Sengstock},
year = {2001},
journal = {Phys. Rev. A},
volume = {63},
pages = {031602}
}

@article{timmermans,
author = {Timmermans, E. and Tommasini, P. and Hussein, M. and Kerman, A.},
year = {1999},
journal = {Phys. Rep.},
volume = {315},
pages = {199}
}

@article{bergeman,
author = {Bergeman, T. and Moore, M.~G. and Olshanii, M.},
year = {2003},
journal = {Phys. Rev. Lett.},
volume = {91},
pages = {163201}
}

@article{yurovsky,
title = {Collisions, correlations, and integrability in atom waveguides},
author = {V.~A.~Yurovsky and M. Olshanii and D.~S.~Weiss},
year = {2008},
journal = {Adv. At. Mol. Opt. Phys.},
volume = {55},
pages = {61}
}

@article{olshanii1,
title = {Atomic scattering in the presence of an external confinement and a gas of impenetrable bosons},
author = {M. Olshanii},
year = {1998},
journal = {Phys. Rev. Lett.},
volume = {81},
pages = {938}
}

@article{olshanii2,
title = {Short-distance correlation properties of the {L}ieb-{L}iniger system and momentum
distributions of trapped one-dimensional atomic gases},
author = {M. Olshanii and V.~Dunjko},
year = {2003},
journal = {Phys. Rev. Lett.},
volume = {91},
pages = {090401}
}

@article{kormos1,
title = {Expectation values in the {L}ieb-{L}iniger {B}ose gas},
author = {M. Kormos and G. Mussardo and A. Trombettoni},
year = {2009},
journal = {Phys. Rev. Lett.},
volume = {103},
pages = {210404}
}

@article{astrakharchik,
title = {Correlation functions of a {L}ieb-{L}iniger {B}ose gas},
author = {G.~E.~Astrakharchik and S. Giorgini},
year = {2006},
journal = {J. Phys. B: At. Mol. Opt. Phys.},
volume = {39},
pages = {S1}
}