@PREAMBLE{"\newcommand{\noopsort}[1]{}"}



@ARTICLE{max,
  author = {{Maxwell},  L. },
  title = {{On the Dynamical Theory of Gases}},
  year = {1859},
  eprint = {Phil. Mag. 19:434-36, 1860; in: Scientific Letters, Vol. I. (pg. 616)},
}


}


